<record><leader>00000cas a22000007a 4500</leader><controlfield tag="001">34057310</controlfield><controlfield tag="008">960119d19651990azuwr ne      0    0eng d</controlfield><datafield ind1=" " ind2=" " tag="010"><subfield code="a">sn 95060950 </subfield></datafield><datafield ind1=" " ind2=" " tag="040"><subfield code="a">ANN</subfield><subfield code="b">eng</subfield><subfield code="c">ANN</subfield><subfield code="d">OCLCQ</subfield><subfield code="d">OCLCF</subfield><subfield code="d">OCLCO</subfield></datafield><datafield ind1="1" ind2=" " tag="029"><subfield code="a">AU@</subfield><subfield code="b">000012204436</subfield></datafield><datafield ind1=" " ind2=" " tag="042"><subfield code="a">msc</subfield></datafield><datafield ind1=" " ind2=" " tag="043"><subfield code="a">n-us-az</subfield></datafield><datafield ind1="0" ind2=" " tag="130"><subfield code="a">Payson roundup (Payson, Ariz. : 1965)</subfield></datafield><datafield ind1="1" ind2="0" tag="245"><subfield code="a">Payson roundup.</subfield></datafield><datafield ind1="1" ind2=" " tag="246"><subfield code="i">Appears in publisher's box:</subfield><subfield code="a">Payson roundup and Rim Country news</subfield><subfield code="f">June 20, 1982</subfield></datafield><datafield ind1=" " ind2=" " tag="260"><subfield code="a">Payson, Ariz. :</subfield><subfield code="b">Roadrunners Unlimited., Inc.,</subfield><subfield code="c">1965-1990.</subfield></datafield><datafield ind1=" " ind2=" " tag="300"><subfield code="a">v.</subfield></datafield><datafield ind1=" " ind2=" " tag="310"><subfield code="a">Weekly,</subfield><subfield code="b">Aug. 4, 1989-Apr. 27, 1990</subfield></datafield><datafield ind1=" " ind2=" " tag="321"><subfield code="a">Frequency varies,</subfield><subfield code="b">June 3, 1965-July 28, 1989</subfield></datafield><datafield ind1="0" ind2=" " tag="362"><subfield code="a">Vol. 25, no. 33 (June 3, 1965)-v. 51, no. 17 (Apr. 27, 1990).</subfield></datafield><datafield ind1=" " ind2=" " tag="500"><subfield code="a">Published supplement with separate numbering: Payson roundup's Rim Country News, [Apr.] 1968-</subfield></datafield><datafield ind1=" " ind2=" " tag="580"><subfield code="a">Merged with: Mogollon advisor (Payson, Ariz. : 1979), to form Roundup advisor.</subfield></datafield><datafield ind1=" " ind2="0" tag="651"><subfield code="a">Payson (Ariz.)</subfield><subfield code="v">Newspapers.</subfield></datafield><datafield ind1=" " ind2="0" tag="651"><subfield code="a">Gila County (Ariz.)</subfield><subfield code="v">Newspapers.</subfield></datafield><datafield ind1=" " ind2="7" tag="655"><subfield code="a">Newspapers.</subfield><subfield code="2">fast</subfield><subfield code="0">(OCoLC)fst01423814</subfield></datafield><datafield ind1=" " ind2="7" tag="651"><subfield code="a">Arizona</subfield><subfield code="z">Gila County.</subfield><subfield code="2">fast</subfield><subfield code="0">(OCoLC)fst01218085</subfield></datafield><datafield ind1=" " ind2="7" tag="651"><subfield code="a">Arizona</subfield><subfield code="z">Payson.</subfield><subfield code="2">fast</subfield><subfield code="0">(OCoLC)fst01216805</subfield></datafield><datafield ind1=" " ind2=" " tag="752"><subfield code="a">United States</subfield><subfield code="b">Arizona</subfield><subfield code="c">Gila</subfield><subfield code="d">Payson.</subfield></datafield><datafield ind1="0" ind2=" " tag="770"><subfield code="t">Payson roundup's Rim Country news</subfield><subfield code="w">(DLC)sn2001060077</subfield></datafield><datafield ind1="0" ind2="0" tag="780"><subfield code="t">Payson roundup and the Arizona reporter</subfield><subfield code="w">(DLC)sn 95060949</subfield></datafield><datafield ind1="1" ind2="7" tag="785"><subfield code="t">Mogollon advisor (Payson, Ariz. : 1979)</subfield><subfield code="w">(DLC)sn 95060925</subfield></datafield><datafield ind1="1" ind2="7" tag="785"><subfield code="t">Roundup advisor</subfield><subfield code="w">(DLC)sn 96060790</subfield></datafield></record>